<record xmlns="http://www.loc.gov/MARC21/slim">
   <leader>04519cam a22004338i 45 0</leader>
   <controlfield tag="001">6733877</controlfield>
   <controlfield tag="003">OCoLC</controlfield>
   <controlfield tag="005">20150116114151.0</controlfield>
   <controlfield tag="008">140115s2015    iluabf   b    001 0 eng c</controlfield>
   <datafield ind1=" " ind2=" " tag="010">
      <subfield code="a">  2014001566</subfield>
   </datafield>
   <datafield ind1=" " ind2=" " tag="020">
      <subfield code="a">9780226166049</subfield>
      <subfield code="q">(cloth : alk. paper)</subfield>
   </datafield>
   <datafield ind1=" " ind2=" " tag="020">
      <subfield code="a">022616604X</subfield>
      <subfield code="q">(cloth : alk. paper)</subfield>
   </datafield>
   <datafield ind1=" " ind2=" " tag="020">
      <subfield code="a">9780226166186</subfield>
      <subfield code="q">(pbk. : alk. paper)</subfield>
   </datafield>
   <datafield ind1=" " ind2=" " tag="020">
      <subfield code="a">022616618X</subfield>
      <subfield code="q">(pbk. : alk. paper)</subfield>
   </datafield>
   <datafield ind1=" " ind2=" " tag="020">
      <subfield code="z">9780226166216</subfield>
      <subfield code="q">(e-book)</subfield>
   </datafield>
   <datafield ind1=" " ind2=" " tag="035">
      <subfield code="a">ocn868982265</subfield>
   </datafield>
   <datafield ind1=" " ind2=" " tag="040">
      <subfield code="a">ICU/DLC</subfield>
      <subfield code="b">eng</subfield>
      <subfield code="e">rda</subfield>
      <subfield code="c">CGU</subfield>
      <subfield code="d">DLC</subfield>
      <subfield code="d">OCLCO</subfield>
      <subfield code="d">YDXCP</subfield>
      <subfield code="d">BTCTA</subfield>
      <subfield code="d">OCLCF</subfield>
      <subfield code="d">OCLCQ</subfield>
      <subfield code="d">YAM</subfield>
      <subfield code="d">CGU</subfield>
      <subfield code="d">AFMK</subfield>
   </datafield>
   <datafield ind1=" " ind2=" " tag="042">
      <subfield code="a">pcc</subfield>
   </datafield>
   <datafield ind1="0" ind2="0" tag="050">
      <subfield code="a">QH353</subfield>
      <subfield code="b">.I593 2015</subfield>
   </datafield>
   <datafield ind1="0" ind2="0" tag="082">
      <subfield code="a">577/.18</subfield>
      <subfield code="2">23</subfield>
   </datafield>
   <datafield ind1=" " ind2=" " tag="090">
      <subfield code="a">QH 353 I593 2015</subfield>
      <subfield code="b">AFMK</subfield>
   </datafield>
   <datafield ind1="0" ind2="0" tag="245">
      <subfield code="a">Invasive species in a globalized world :</subfield>
      <subfield code="b">ecological, social, and legal perspectives on policy /</subfield>
      <subfield code="c">edited by Reuben P. Keller, Marc W. Cadotte, and Glenn Sandiford.</subfield>
   </datafield>
   <datafield ind1=" " ind2="1" tag="264">
      <subfield code="a">Chicago ;</subfield>
      <subfield code="a">London :</subfield>
      <subfield code="b">The University of Chicago Press,</subfield>
      <subfield code="c">2015.</subfield>
   </datafield>
   <datafield ind1=" " ind2=" " tag="300">
      <subfield code="a">vii, 410 pages, 8 unnumbered pages of plates :</subfield>
      <subfield code="b">illustrations (some color), maps (some color) ;</subfield>
      <subfield code="c">23 cm</subfield>
   </datafield>
   <datafield ind1=" " ind2=" " tag="336">
      <subfield code="a">text</subfield>
      <subfield code="b">txt</subfield>
      <subfield code="2">rdacontent</subfield>
   </datafield>
   <datafield ind1=" " ind2=" " tag="336">
      <subfield code="a">still image</subfield>
      <subfield code="b">sti</subfield>
      <subfield code="2">rdacontent</subfield>
   </datafield>
   <datafield ind1=" " ind2=" " tag="336">
      <subfield code="a">cartographic image</subfield>
      <subfield code="b">cri</subfield>
      <subfield code="2">rdacontent</subfield>
   </datafield>
   <datafield ind1=" " ind2=" " tag="337">
      <subfield code="a">unmediated</subfield>
      <subfield code="b">n</subfield>
      <subfield code="2">rdamedia</subfield>
   </datafield>
   <datafield ind1=" " ind2=" " tag="338">
      <subfield code="a">volume</subfield>
      <subfield code="b">nc</subfield>
      <subfield code="2">rdacarrier</subfield>
   </datafield>
   <datafield ind1=" " ind2=" " tag="504">
      <subfield code="a">Includes bibliographical references and index.</subfield>
   </datafield>
   <datafield ind1="0" ind2="0" tag="505">
      <subfield code="g">Chapter 1.</subfield>
      <subfield code="t">Working across disciplines to understand and manage invasive species /</subfield>
      <subfield code="r">R.P. Keller, M. Cadotte, G. Sandiford --</subfield>
      <subfield code="g">Section I Introduction.</subfield>
      <subfield code="t">Of toads, squirrels, carps, and kids : how science and human perceptions drive our responses to invasive species --</subfield>
      <subfield code="g">Chapter 2.</subfield>
      <subfield code="t">The ecological, evolutionary, and social impact of invasive cane toads in Australia /</subfield>
      <subfield code="r">R. Shine --</subfield>
      <subfield code="g">Chapter 3.</subfield>
      <subfield code="t">A tale of two squirrels : a British case study of the sociocultural dimensions of debates over invasive species /</subfield>
      <subfield code="r">P. Coates --</subfield>
      <subfield code="g">Chapter 4.</subfield>
      <subfield code="t">Fish tales : optimism and other bias in rhetoric about exotic carps in America /</subfield>
      <subfield code="r">G. Sandiford --</subfield>
      <subfield code="g">Chapter 5.</subfield>
      <subfield code="t">"Sooper" impact : drawing the attention of kids to the dangers of invasive species /</subfield>
      <subfield code="r">M. Newman --</subfield>
      <subfield code="g">Section II Introduction.</subfield>
      <subfield code="t">Here they come : understanding and managing the introduction of invasive species --</subfield>
      <subfield code="g">Chapter 6.</subfield>
      <subfield code="t">Patterns of live vertebrate importation into the United States : analysis of an invasion pathway /</subfield>
      <subfield code="r">C. Romagosa --</subfield>
      <subfield code="g">Chapter 7.</subfield>
      <subfield code="t">All in the family : relatedness and the success of introduced species /</subfield>
      <subfield code="r">M. Cadotte, L. Jin --</subfield>
      <subfield code="g">Chapter 8.</subfield>
      <subfield code="t">Reducing damaging introductions from international species trade through invasion risk assessment /</subfield>
      <subfield code="r">M. Springborn --</subfield>
      <subfield code="g">Section III Introduction.</subfield>
      <subfield code="t">Controlling the bad : reducing the impacts of established invaders --</subfield>
      <subfield code="g">Chapter 9.</subfield>
      <subfield code="t">Evaluating the economic costs and benefits of slowing the spread of emerald ash borer /</subfield>
      <subfield code="r">J. Bossenbroek, A. Croskey, D. Finnoff, L. Iverson, S. McDermott, A. Prasad, C. Sims, D. Sydnor --</subfield>
      <subfield code="g">Chapter 10.</subfield>
      <subfield code="t">Climate change challenges in the management of invasive sea lamprey in Lake Superior /</subfield>
      <subfield code="r">J. Kitchell, T. Cline, V. Bennington, G. McKinley --</subfield>
      <subfield code="g">Chapter 11.</subfield>
      <subfield code="t">Ecological separation without hydraulic separation : engineering solutions to control invasive common carp in Australian rivers /</subfield>
      <subfield code="r">Robert Keller --</subfield>
      <subfield code="g">Chapter 12.</subfield>
      <subfield code="t">Does enemy release contribute to the success of invasive species? : a review of the enemy release hypothesis /</subfield>
      <subfield code="r">K. Prior, J. Hellmann --</subfield>
      <subfield code="g">Section IV Introduction.</subfield>
      <subfield code="t">Where to from here? : policy prospects at international, national, and regional levels --</subfield>
      <subfield code="g">Chapter 13.</subfield>
      <subfield code="t">From global to local : integrating policy frameworks for the prevention and management of invasive species /</subfield>
      <subfield code="r">S. Burgiel --</subfield>
      <subfield code="g">Chapter 14.</subfield>
      <subfield code="t">Developing invasive species policy for a major free trade bloc : challenges and progress in the European Union /</subfield>
      <subfield code="r">C. Shine --</subfield>
      <subfield code="g">Chapter 15.</subfield>
      <subfield code="t">There ought to be a law! : the peculiar absence of broad federal harmful nonindigenous species legislation /</subfield>
      <subfield code="r">M. Miller --</subfield>
      <subfield code="g">Chapter 16.</subfield>
      <subfield code="t">Pathways toward a policy of preventing new Great Lakes invasions /</subfield>
      <subfield code="r">J. Brammeier, T. Cmar --</subfield>
      <subfield code="g">Chapter 17.</subfield>
      <subfield code="t">Final thoughts : nature and human nature /</subfield>
      <subfield code="r">G. Sandiford, R.P. Keller, M. Cadotte.</subfield>
   </datafield>
   <datafield ind1=" " ind2=" " tag="596">
      <subfield code="a">8</subfield>
   </datafield>
   <datafield ind1=" " ind2="0" tag="650">
      <subfield code="a">Biological invasions.</subfield>
   </datafield>
   <datafield ind1=" " ind2="0" tag="650">
      <subfield code="a">Introduced organisms.</subfield>
   </datafield>
   <datafield ind1=" " ind2="0" tag="650">
      <subfield code="a">Globalization</subfield>
      <subfield code="x">Environmental aspects.</subfield>
   </datafield>
   <datafield ind1="1" ind2=" " tag="700">
      <subfield code="a">Keller, Reuben P.,</subfield>
      <subfield code="e">editor of compilation.</subfield>
   </datafield>
   <datafield ind1="1" ind2=" " tag="700">
      <subfield code="a">Cadotte, Marc William,</subfield>
      <subfield code="d">1975-</subfield>
      <subfield code="e">editor of compilation.</subfield>
   </datafield>
   <datafield ind1="1" ind2=" " tag="700">
      <subfield code="a">Sandiford, Glenn,</subfield>
      <subfield code="e">editor of compilation.</subfield>
   </datafield>
   <datafield ind1=" " ind2=" " tag="926">
      <subfield code="a">QH 353 I593 2015</subfield>
      <subfield code="w">LC</subfield>
      <subfield code="c">1</subfield>
      <subfield code="i">34917001371009</subfield>
      <subfield code="l">ON_SHELF</subfield>
      <subfield code="m">KEYANO</subfield>
      <subfield code="p">$41.85</subfield>
      <subfield code="r">Y</subfield>
      <subfield code="s">Y</subfield>
      <subfield code="t">BOOK</subfield>
      <subfield code="u">11/12/2014</subfield>
      <subfield code="o">.STAFF. Rec'd Jan/15 MW</subfield>
   </datafield>
</record>
